%%

%% die oberen sind als Beispiele drin gelassen worden. Kommen aber zur Abgabe raus.

@manual{bib.jFXRaspPi,
	address={\url{https://blogs.oracle.com/java/entry/developer\_preview\_of\_java\_se}},
	title={JavaFX f√ºr das Raspberry Pi},
	year={2012},
	organization={Oracle}
}

@manual{bib.RaspPiGuide,
	address={\url{http://www.raspberrypiguide.de}},
	title={Raspberry Pi Guide},
	year={15.01.2014},
	organization={Raspberry Pi Foundation}
}

@manual{bib.RaspPi,
	address={\url{http://www.raspberrypi.org}},
	title={Raspberry Pi},
	year={15.01.2014},
	organization={Raspberry Pi Foundation}
}

@manual{bib.Raspian,
	address={\url{http://www.raspbian.org}},
	title={Raspian},
	year={15.01.2014},
}

@manual{bib.opencv,
	address={\url{http://opencv.org}},
	title={OpenCV},
	year={02.02.2014},
}

@manual{bib.mjpgStreamer,
	address={\url{http://sourceforge.net/apps/mediawiki/mjpg-streamer/index.php?title=Main\_Page}},
	title={mjpg-streamer},
	year={02.02.2014},
}
